<?xml version="1.0" encoding="UTF-8"?><collection xmlns="http://www.loc.gov/MARC21/slim"><record><leader>00397nam--2200157-i-4500</leader><controlfield tag="001">000005764</controlfield><controlfield tag="002">20161230</controlfield><controlfield tag="005">20170103002239</controlfield><controlfield tag="008">060222s1000------------r-----000-0-eng-d</controlfield><datafield ind1=" " ind2=" " tag="100"><subfield code="a">Cartmell, E</subfield></datafield><datafield ind1=" " ind2=" " tag="245"><subfield code="a">Valency and mollecular structure</subfield></datafield><datafield ind1=" " ind2=" " tag="250"><subfield code="a">second edition</subfield></datafield><datafield ind1=" " ind2=" " tag="260"><subfield code="a">London</subfield><subfield code="b">Butterworts</subfield><subfield code="c">1966</subfield></datafield><datafield ind1=" " ind2=" " tag="490"><subfield code="a">XII + 294 p</subfield></datafield><datafield ind1=" " ind2=" " tag="700"><subfield code="a">Fowles, G. W. A</subfield></datafield><datafield ind1=" " ind2=" " tag="CAT"><subfield code="a">SYS</subfield><subfield code="c">20170103</subfield><subfield code="h">002239</subfield></datafield></record></collection>